@online{1,
    url  = "pottermore.com",
}
@online{2,
    url  = "https://harrypotter.fandom.com/wiki/Main_Page",
}

@online{3,
    url  = "https://datascientest.com/knn",
}
@online{4,
    url  = "https://scikit-learn.org/stable/modules/generated/sklearn.ensemble.RandomForestClassifier.html?highlight=randomforest",
}

@book{hands,
  title={Hands-On Machine Learning with Scikit-Learn and TensorFlow},
  author={Aurélien Géron},
  year={2019},
  publisher={f O’Reilly Media},
}

@online{5,
    url  = "https://towardsdatascience.com/predicting-cardiovascular-disease-using-k-nearest-neighbors-algorithm-614b0ecbf122",
}
